@ARTICLE{IntroSeniales,
author = {D. H. Milone and H. L. Rufiner and R. C. Acevedo and L. E. {Di Persia} and H. M. Torres},
title = {Introducción a las {S}eñales y los {S}istemas {D}iscretos},
journal = {UNER},
year = {2009},
volumen = {1},
pages = {252p.}
}

@ARTICLE{Alfonso2010b,
author = {M. Alfonso and M. Marta and N. Nuria},
title = {Mi viaje a {EEUU}},
journal = {Revista de viajes},
year = {2010},
volume = {14},
pages = {50-56}
}

@ARTICLE{Patricio2011,
author = {A. Patricio},
title = {Una estrella rosa en el fondo del mar},
journal = {El mar},
year = {2011},
volume = {3},
pages = {1071-1090}
}

@ARTICLE{Zacarias2009,
author = {R. Zacarias and G. Graciela},
title = {¿{C}uál te gusta más?},
journal = {Flores},
year = {2009},
volume = {5},
pages = {45-49}
}